[gd_scene load_steps=6 format=2]

[ext_resource path="res://meshes/Ambulance/ambulance.glb" type="PackedScene" id=1]
[ext_resource path="res://Ambulance.gd" type="Script" id=2]
[ext_resource path="res://meshes/Ambulance/wheel.glb" type="PackedScene" id=3]

[sub_resource type="Animation" id=1]
resource_name = "default"
loop = true
tracks/0/type = "bezier"
tracks/0/path = NodePath("RedLight:light_energy")
tracks/0/interp = 1
tracks/0/loop_wrap = true
tracks/0/imported = false
tracks/0/enabled = true
tracks/0/keys = {
"points": PoolRealArray( 1, -0.25, 0, 0.25, 0, 10, -0.25, 0, 0.25, 0, 1, -0.25, 0, 0.25, 0 ),
"times": PoolRealArray( 0, 0.5, 1 )
}
tracks/1/type = "bezier"
tracks/1/path = NodePath("BlueLight:light_energy")
tracks/1/interp = 1
tracks/1/loop_wrap = true
tracks/1/imported = false
tracks/1/enabled = true
tracks/1/keys = {
"points": PoolRealArray( 10, -0.25, 0, 0.25, 0, 1, -0.25, 0, 0.25, 0, 10, -0.25, 0, 0.25, 0 ),
"times": PoolRealArray( 0, 0.5, 1 )
}

[sub_resource type="BoxShape" id=2]
extents = Vector3( 0.204347, 0.182761, 0.379673 )

[node name="Spatial" type="VehicleBody" groups=[
"player",
]]
transform = Transform( 1, 0, 0, 0, 1, 0, 0, 0, 1, 0, 0.0410403, 0 )
script = ExtResource( 2 )

[node name="AnimationPlayer" type="AnimationPlayer" parent="."]
anims/default = SubResource( 1 )

[node name="CollisionShape" type="CollisionShape" parent="."]
transform = Transform( 1, 0, 0, 0, 0.996195, 0.0871557, 0, -0.0871557, 0.996195, 0, 0.323, 0.031 )
shape = SubResource( 2 )

[node name="ambulance" parent="CollisionShape" instance=ExtResource( 1 )]
transform = Transform( -0.2, -5.67979e-09, 6.49203e-08, 0, 0.199239, 0.0174311, -6.51683e-08, 0.0174311, -0.199239, 0, -0.0375971, 0.109201 )

[node name="FrontRight" type="VehicleWheel" parent="."]
transform = Transform( 1, 0, 0, 0, 1, 0, 0, 0, 1, 0.289681, 0.101818, 0.308308 )
use_as_traction = true
use_as_steering = true
wheel_radius = 0.15
wheel_rest_length = 0.2
suspension_stiffness = 10.0

[node name="wheel" parent="FrontRight" instance=ExtResource( 3 )]

[node name="RearRight" type="VehicleWheel" parent="."]
transform = Transform( 1, 0, 0, 0, 1, 0, 0, 0, 1, 0.289681, 0.101818, -0.28801 )
use_as_traction = true
wheel_radius = 0.15
wheel_rest_length = 0.2
suspension_stiffness = 10.0

[node name="wheel" parent="RearRight" instance=ExtResource( 3 )]

[node name="FrontLeft" type="VehicleWheel" parent="."]
transform = Transform( 1, 0, 0, 0, 1, 0, 0, 0, 1, -0.298083, 0.101818, 0.308308 )
use_as_traction = true
use_as_steering = true
wheel_radius = 0.15
wheel_rest_length = 0.2
suspension_stiffness = 10.0

[node name="wheel" parent="FrontLeft" instance=ExtResource( 3 )]
transform = Transform( -0.2, 0, -6.51683e-08, 0, 0.2, 0, 6.51683e-08, 0, -0.2, 0, 0, 0 )

[node name="RearLeft" type="VehicleWheel" parent="."]
transform = Transform( 1, 0, 0, 0, 1, 0, 0, 0, 1, -0.298083, 0.101818, -0.28801 )
use_as_traction = true
wheel_radius = 0.15
wheel_rest_length = 0.2
suspension_stiffness = 10.0

[node name="wheel" parent="RearLeft" instance=ExtResource( 3 )]
transform = Transform( -0.2, 0, -6.51683e-08, 0, 0.2, 0, 6.51683e-08, 0, -0.2, 0, 0, 0 )

[node name="RedLight" type="OmniLight" parent="."]
transform = Transform( 1, 0, 0, 0, 1, 0, 0, 0, 1, -0.22, 0.524, 0.12 )
light_color = Color( 1, 0, 0, 1 )
omni_attenuation = 2.0

[node name="BlueLight" type="OmniLight" parent="."]
transform = Transform( 1, 0, 0, 0, 1, 0, 0, 0, 1, 0.22, 0.524, 0.12 )
light_color = Color( 0, 0, 1, 1 )
light_energy = 10.0
omni_attenuation = 2.0
